@article{Gatheral2014,
  title={Arbitrage-free SVI volatility surfaces},
  author={Gatheral, Jim and Jacquier, Antoine},
  journal={Quantitative Finance},
  volume={14},
  number={1},
  pages={59--71},
  year={2014},
  publisher={Taylor \& Francis}
}

@article{Gatheral2004,
  title={A parsimonious arbitrage-free implied volatility parameterization with application to the valuation of volatility derivatives},
  author={Gatheral, Jim},
  journal={Presentation at Global Derivatives \& Risk Management, Madrid},
  year={2004}
}

@article{Fengler2009,
  title={Arbitrage-free smoothing of the implied volatility surface},
  author={Fengler, Matthias R},
  journal={Quantitative Finance},
  volume={9},
  number={4},
  pages={417--428},
  year={2009},
  publisher={Taylor \& Francis}
}

@article{Guo2016,
  title={Generalized arbitrage-free SVI volatility surfaces},
  author={Guo, Gaoyue and Jacquier, Antoine and Martini, Claude and Neufcourt, Leo},
  journal={SIAM Journal on Financial Mathematics},
  volume={7},
  number={1},
  pages={619--641},
  year={2016},
  publisher={SIAM}
}

@article{Lee2004,
  title={The moment formula for implied volatility at extreme strikes},
  author={Lee, Roger W},
  journal={Mathematical Finance: An International Journal of Mathematics, Statistics and Financial Economics},
  volume={14},
  number={3},
  pages={469--480},
  year={2004},
  publisher={Wiley Online Library}
}

@article{Homescu2011,
  title={Implied volatility surface: construction methodologies and characteristics},
  author={Homescu, Cristian},
  year={2011}
}

@article{Rogers2010,
  title={Can the implied volatility surface move by parallel shifts?},
  author={Rogers, Leonard CG and Tehranchi, MR},
  journal={Finance and Stochastics},
  volume={14},
  number={2},
  pages={235--248},
  year={2010},
  publisher={Springer}
}

@article{DeMarco2009,
  title={Quasi-explicit calibration of Gatheral’s SVI model’},
  author={De Marco, S and Martini, C},
  journal={Zeliade White Paper},
  pages={1--15},
  year={2009}
}

@article{Floc2014,
  title={Initial Guesses for SVI Calibration},
  author={Floc'h, Fabien Le},
  year={2014},
  url={https://ssrn.com/abstract=2501898}
}

@article{Heston1993,
  title={A closed-form solution for options with stochastic volatility with applications to bond and currency options},
  author={Heston, Steven L},
  journal={The review of financial studies},
  volume={6},
  number={2},
  pages={327--343},
  year={1993},
  publisher={Oxford University Press}
}

@article{Dupire1994,
  title={Pricing with a smile},
  author={Dupire, Bruno},
  journal={Risk},
  volume={7},
  number={1},
  pages={18--20},
  year={1994}
}

@book{Gatheral2011,
  title={The volatility surface: a practitioner's guide},
  author={Gatheral, Jim},
  volume={357},
  year={2011},
  publisher={John Wiley \& Sons}
}

@mastersthesis{Aurell2014,
  title={The SVI implied volatility model and its calibration},
  author={Aurell, Alexander},
  school={Kungliga Tekniska Högskolan},
  year={2014},
  
}

@article{Breeden1978,
  title={Prices of state-contingent claims implicit in option prices},
  author={Breeden, Douglas T and Litzenberger, Robert H},
  journal={Journal of business},
  pages={621--651},
  year={1978},
  publisher={JSTOR}
}

@article{Hagan2002,
  title={Managing smile risk},
  author={Hagan, Patrick S and Kumar, Deep and Lesniewski, Andrew S and Woodward, Diana E},
  journal={The Best of Wilmott},
  volume={1},
  pages={249--296},
  year={2002}
}

@article{Derman1998,
author = {Derman, Emanuel and Kani, Iraj},
title = {Stochastic Implied Trees: Arbitrage Pricing with Stochastic Term and Strike Structure of Volatility},
journal = {International Journal of Theoretical and Applied Finance},
volume = {01},
number = {01},
pages = {61-110},
year = {1998},
doi = {10.1142/S0219024998000059},
URL = {https://doi.org/10.1142/S0219024998000059},
eprint = {https://doi.org/10.1142/S0219024998000059}
}

@article{Derman1994,
author = {Derman, Emanuel and Kani, Iraj},
year = {1994},
month = {01},
pages = {},
title = {The Volatility Smile and its Implied Tree},
volume = {7},
journal = {Goldman Sachs Quantitative Strategies Research Notes}
}

@article{Dumas1998,
  title={Implied volatility functions: Empirical tests},
  author={Dumas, Bernard and Fleming, Jeff and Whaley, Robert E},
  journal={The Journal of Finance},
  volume={53},
  number={6},
  pages={2059--2106},
  year={1998},
  publisher={Wiley Online Library}
}

@article{Kahale2004,
  title={An arbitrage-free interpolation of volatilities},
  author={Kahal{\'e}, Nabil},
  journal={Risk},
  volume={17},
  number={5},
  pages={102--106},
  year={2004}
}

@article{Wang2004,
  title={No-arbitrage interpolation of the option price function and its reformulation},
  author={Wang, Y and Yin, H and Qi, L},
  journal={Journal of Optimization Theory and Applications},
  volume={120},
  number={3},
  pages={627--649},
  year={2004},
  publisher={Springer}
}

@incollection{Fengler2012,
  title={Option data and modeling BSM implied volatility},
  author={Fengler, Matthias R},
  booktitle={Handbook of computational finance},
  pages={117--142},
  year={2012},
  publisher={Springer}
}

@article{Benaim2008,
  title={An arbitrage-free method for smile extrapolation},
  author={Benaim, Shalom and Dodgson, Matthew and Kainth, Dherminder},
  journal={Royal Bank of Scotland, Technical report},
  year={2008}
}

@article{Bates1996,
  title={Jumps and stochastic volatility: Exchange rate processes implicit in deutsche mark options},
  author={Bates, David S},
  journal={The Review of Financial Studies},
  volume={9},
  number={1},
  pages={69--107},
  year={1996},
  publisher={Oxford University Press}
}

@article{Duffie2000,
  title={Transform analysis and asset pricing for affine jump-diffusions},
  author={Duffie, Darrell and Pan, Jun and Singleton, Kenneth},
  journal={Econometrica},
  volume={68},
  number={6},
  pages={1343--1376},
  year={2000},
  publisher={Wiley Online Library}
}

@article{Black1973,
  title={The pricing of options and corporate liabilities},
  author={Black, Fischer and Scholes, Myron},
  journal={Journal of political economy},
  volume={81},
  number={3},
  pages={637--654},
  year={1973},
  publisher={The University of Chicago Press}
}

@article{Merton1976,
  title={Option pricing when underlying stock returns are discontinuous},
  author={Merton, Robert C},
  journal={Journal of financial economics},
  volume={3},
  number={1-2},
  pages={125--144},
  year={1976},
  publisher={Elsevier}
}


@book{Bishop2006,
  title={Pattern recognition and machine learning},
  author={Bishop, Christopher M},
  year={2006},
  publisher={springer}
}

@book{Friedman2001,
  title={The elements of statistical learning},
  author={Friedman, Jerome and Hastie, Trevor and Tibshirani, Robert},
  number={10},
  year={2001},
  publisher={Springer series in statistics New York}
}

@book{Hull2017,
  title={Options, futures and other derivatives},
  author={Hull, John C.},
  year={2017},
  publisher={Upper Saddle River, NJ: Prentice Hall,}
}

@article{Hutchinson1994,
  title={A nonparametric approach to pricing and hedging derivative securities via learning networks},
  author={Hutchinson, James M and Lo, Andrew W and Poggio, Tomaso},
  journal={The Journal of Finance},
  number={3},
  pages={851--889},
  year={1994},
  publisher={Wiley Online Library}
}

@article{Huynh2018,
  title={Modelling and Forecasting Implied Volatility Using Neural Network},
  author={Huynh},
  year={2018},
  publisher={Hanken School of Economics}
}

@article{Mcculloch1943,
  title={A logical calculus of the ideas immanent in nervous activity},
  author={McCulloch, Warren S and Pitts, Walter},
  journal={The bulletin of mathematical biophysics},
  volume={5},
  number={4},
  pages={115--133},
  year={1943},
  publisher={Springer}
}